<record xmlns='http://www.loc.gov/MARC21/slim'><leader>00991cam a2200277 a 4500</leader><controlfield tag='001'>1889602</controlfield><controlfield tag='005'>20180906174327.0</controlfield><controlfield tag='008'>941024s1947    xraa          000 0 eng d</controlfield><datafield ind1='1' ind2=' ' tag='019'><subfield code='a'>11102089</subfield></datafield><datafield ind1=' ' ind2=' ' tag='035'><subfield code='9'>(AuCNLDY)2193758</subfield></datafield><datafield ind1=' ' ind2=' ' tag='035'><subfield code='a'>1889602</subfield></datafield><datafield ind1=' ' ind2=' ' tag='040'><subfield code='a'>ANL</subfield><subfield code='b'>eng</subfield><subfield code='c'>ANL</subfield></datafield><datafield ind1=' ' ind2=' ' tag='043'><subfield code='a'>e-fr---</subfield></datafield><datafield ind1='0' ind2='4' tag='082'><subfield code='a'>940.5421442</subfield><subfield code='2'>20</subfield></datafield><datafield ind1='0' ind2=' ' tag='130'><subfield code='a'>Miracle harbour.</subfield></datafield><datafield ind1='1' ind2='0' tag='245'><subfield code='a'>Souvenir of Mulberry Harbor :</subfield><subfield code='b'>Royal Adelaide Exhibition, 1947.</subfield></datafield><datafield ind1=' ' ind2=' ' tag='260'><subfield code='a'>[Adelaide :</subfield><subfield code='b'>The Exhibition,</subfield><subfield code='c'>1947]</subfield><subfield code='e'>(Adelaide :</subfield><subfield code='f'>Specialty Printers)</subfield></datafield><datafield ind1=' ' ind2=' ' tag='300'><subfield code='a'>[15] p. :</subfield><subfield code='b'>ill ;</subfield><subfield code='c'>15 cm.</subfield></datafield><datafield ind1=' ' ind2=' ' tag='500'><subfield code='a'>Cover title.</subfield></datafield><datafield ind1=' ' ind2=' ' tag='500'><subfield code='a'>&quot;Reprint of &apos;Miracle harbour&apos; issued by the United Kingdom Information Office, Canberra.&quot; -- Back cover.</subfield></datafield><datafield ind1=' ' ind2=' ' tag='500'><subfield code='a'>Text inside cover.</subfield></datafield><datafield ind1=' ' ind2='0' tag='650'><subfield code='a'>World War, 1939-1945</subfield><subfield code='x'>Amphibious operations.</subfield></datafield><datafield ind1=' ' ind2='0' tag='650'><subfield code='a'>World War, 1939-1945</subfield><subfield code='x'>Campaigns</subfield><subfield code='z'>France</subfield><subfield code='z'>Normandy.</subfield></datafield><datafield ind1=' ' ind2='0' tag='650'><subfield code='a'>Mulberry harbors.</subfield></datafield><datafield ind1='2' ind2=' ' tag='711'><subfield code='a'>Royal Adelaide Exhibition</subfield><subfield code='d'>(1947 :</subfield><subfield code='c'>Adelaide, S.A.)</subfield></datafield><datafield ind1='f' ind2='f' tag='999'><subfield code='i'>71871542-1b2b-5b82-af4f-ff55255f3514</subfield><subfield code='s'>65556ca7-e2cd-590a-b69a-d9d5c51fd436</subfield></datafield><datafield ind1='f' ind2='f' tag='952'><subfield code='a'>National Library of Australia</subfield><subfield code='b'>Parkes</subfield><subfield code='c'>Parkes</subfield><subfield code='d'>Main Reading Room (AUS [East])</subfield><subfield code='e'>N 940.5421442 M671</subfield><subfield code='h'>Dewey Decimal classification</subfield><subfield code='m'>918f47da-9f0a-55fa-8bae-49cba18e66f5</subfield></datafield></record>